@article{underwater21tvt,
  author    = {Ying Zhang and
               Zheming Zhang and
               Lei Chen and
               Xinheng Wang},
  title     = {Reinforcement Learning-Based Opportunistic Routing Protocol for Underwater
               Acoustic Sensor Networks},
  journal   = {{IEEE} Trans. Veh. Technol.},
  volume    = {70},
  number    = {3},
  pages     = {2756--2770},
  year      = {2021},
  url       = {https://doi.org/10.1109/TVT.2021.3058282},
  doi       = {10.1109/TVT.2021.3058282}
}

@article{uav20iecommg,
  author    = {Dianxiong Liu and
               Yuhua Xu and
               Jinlong Wang and
               Jin Chen and
               Kailing Yao and
               Qihui Wu and
               Alagan Anpalagan},
  title     = {Opportunistic {UAV} Utilization in Wireless Networks: Motivations,
               Applications, and Challenges},
  journal   = {{IEEE} Commun. Mag.},
  volume    = {58},
  number    = {5},
  pages     = {62--68},
  year      = {2020},
  url       = {https://doi.org/10.1109/MCOM.001.1900687},
  doi       = {10.1109/MCOM.001.1900687}
}

@article{fanet19iecommg,
  author    = {Dianxiong Liu and
               Jinlong Wang and
               Yuhua Xu and
               Yitao Xu and
               Yang Yang and
               Qihui Wu},
  title     = {Opportunistic Mobility Utilization in Flying Ad-Hoc Networks: {A}
               Dynamic Matching Approach},
  journal   = {{IEEE} Commun. Lett.},
  volume    = {23},
  number    = {4},
  pages     = {728--731},
  year      = {2019},
  url       = {https://doi.org/10.1109/LCOMM.2019.2899602},
  doi       = {10.1109/LCOMM.2019.2899602}
}

@inproceedings{PatADP20info,
  author    = {Zhibo Wang and
               Wenxin Liu and
               Xiaoyi Pang and
               Ju Ren and
               Zhe Liu and
               Yongle Chen},
  title     = {Towards Pattern-aware Privacy-preserving Real-time Data Collection},
  booktitle = {39th {IEEE} Conference on Computer Communications, {INFOCOM} 2020,
               Toronto, ON, Canada, July 6-9, 2020},
  pages     = {109--118},
  publisher = {{IEEE}},
  year      = {2020},
  url       = {https://doi.org/10.1109/INFOCOM41043.2020.9155290},
  doi       = {10.1109/INFOCOM41043.2020.9155290},
}

@article{Acou18ieNetw,
  author    = {Weiqi Chen and
               Hua Yu and
               Quansheng Guan and
               Fei Ji and
               Fangjiong Chen},
  title     = {Reliable and Opportunistic Transmissions for Underwater Acoustic Networks},
  journal   = {{IEEE} Netw.},
  volume    = {32},
  number    = {4},
  pages     = {94--99},
  year      = {2018},
  url       = {https://doi.org/10.1109/MNET.2018.1700280},
  doi       = {10.1109/MNET.2018.1700280},
}

@article{thrO20cn,
  author    = {Linfeng Liu and
               Ran Wang and
               Gaoxi Xiao and
               Dongyue Guo},
  title     = {On the throughput optimization for message dissemination in opportunistic
               underwater sensor networks},
  journal   = {Comput. Networks},
  volume    = {169},
  pages     = {107097},
  year      = {2020},
  url       = {https://doi.org/10.1016/j.comnet.2020.107097},
  doi       = {10.1016/j.comnet.2020.107097},
}

@article{disaster20tsmcs,
  author    = {Souvik Basu and
               Siuli Roy and
               Somprakash Bandyopadhyay and
               Sipra Das Bit},
  title     = {A Utility Driven Post Disaster Emergency Resource Allocation System
               Using {DTN}},
  journal   = {{IEEE} Trans. Syst. Man Cybern. Syst.},
  volume    = {50},
  number    = {7},
  pages     = {2338--2350},
  year      = {2020},
  url       = {https://doi.org/10.1109/TSMC.2018.2813008},
  doi       = {10.1109/TSMC.2018.2813008}
}

@article{rural21wcmc,
  author    = {Manuel Jes{\'{u}}s Azabal and
               Juan Luis Herrera and
               Sergio Laso and
               Jaime Gal{\'{a}}n{-}Jim{\'{e}}nez},
  title     = {OPPNets and Rural Areas: An Opportunistic Solution for Remote Communications},
  journal   = {Wirel. Commun. Mob. Comput.},
  volume    = {2021},
  pages     = {8883501:1--8883501:11},
  year      = {2021},
  url       = {https://doi.org/10.1155/2021/8883501},
  doi       = {10.1155/2021/8883501}
}

@article{freshoffload20twc,
  author    = {Huan Zhou and
               Xin Chen and
               Shibo He and
               Chunsheng Zhu and
               Victor C. M. Leung},
  title     = {Freshness-Aware Seed Selection for Offloading Cellular Traffic Through
               Opportunistic Mobile Networks},
  journal   = {{IEEE} Trans. Wirel. Commun.},
  volume    = {19},
  number    = {4},
  pages     = {2658--2669},
  year      = {2020},
  url       = {https://doi.org/10.1109/TWC.2020.2967658},
  doi       = {10.1109/TWC.2020.2967658},
}

@article{offload21sensors,
  author    = {Aida{-}Stefania Manole and
               Radu{-}Ioan Ciobanu and
               Ciprian Dobre and
               Raluca Purnichescu{-}Purtan},
  title     = {Opportunistic Network Algorithms for Internet Traffic Offloading in
               Music Festival Scenarios},
  journal   = {Sensors},
  volume    = {21},
  number    = {10},
  pages     = {3315},
  year      = {2021},
  url       = {https://doi.org/10.3390/s21103315},
  doi       = {10.3390/s21103315}
}

@article{csi20jsac,
  author    = {Haoyue Tang and
               Jintao Wang and
               Linqi Song and
               Jian Song},
  title     = {Minimizing Age of Information With Power Constraints: Multi-User Opportunistic
               Scheduling in Multi-State Time-Varying Channels},
  journal   = {{IEEE} J. Sel. Areas Commun.},
  volume    = {38},
  number    = {5},
  pages     = {854--868},
  year      = {2020},
  url       = {https://doi.org/10.1109/JSAC.2020.2980911},
  doi       = {10.1109/JSAC.2020.2980911},
  timestamp = {Tue, 23 Feb 2021 17:26:28 +0100},
  biburl    = {https://dblp.org/rec/journals/jsac/TangWSS20.bib},
  bibsource = {dblp computer science bibliography, https://dblp.org}
}

@misc{2017Emoji,
  title={Emoji frequency detection and deep link frequency},
  author={Thakurta, A. G.  and
    Vyrros, Andrew H  and
      Vaishampayan, Umesh S  and
        Kapoor, G.  and
          Freudinger, J.  and
            Prakash, V. V.  and
              Legendre, A.  and
                Duplinsky, S.},
  year={2017},
}

@article{EM77,
  author    = {A. P. Dempster and
               N. M. Laird and
               D. B. Rubin},
  title     = {Maximum Likelihood from Incomplete Data via the EM Algorithm},
  journal   = {Journal of the Royal Statistical Society. Series B (Methodological),},
  volume    = {39},
  number    = {1},
  pages     = {1--38},
  year      = {1977},
}

@article{Dwork14DP,
  author    = {Cynthia Dwork and
               Aaron Roth},
  title     = {The Algorithmic Foundations of Differential Privacy},
  journal   = {Found. Trends Theor. Comput. Sci.},
  volume    = {9},
  number    = {3-4},
  pages     = {211--407},
  year      = {2014},
  url       = {https://doi.org/10.1561/0400000042},
  doi       = {10.1561/0400000042}
}

@inproceedings{mlrouting19Secon,
  author    = {Vidushi Vashishth and
               Anshuman Chhabra and
               Deepak Kumar Sharma},
  title     = {A Machine Learning Approach Using Classifier Cascades for Optimal
               Routing in Opportunistic Internet of Things Networks},
  booktitle = {16th Annual {IEEE} International Conference on Sensing, Communication,
               and Networking, {SECON} 2019, Boston, MA, USA, June 10-13, 2019},
  pages     = {1--9},
  publisher = {{IEEE}},
  year      = {2019},
  url       = {https://doi.org/10.1109/SAHCN.2019.8824952},
  doi       = {10.1109/SAHCN.2019.8824952}
}

@article{bitmap21cn,
  author    = {Nahideh Derakhshanfard and
               Reza Soltani},
  title     = {Opportunistic routing in wireless networks using bitmap-based weighted
               tree},
  journal   = {Comput. Networks},
  volume    = {188},
  pages     = {107892},
  year      = {2021},
  url       = {https://doi.org/10.1016/j.comnet.2021.107892},
  doi       = {10.1016/j.comnet.2021.107892}
}

@article{losero20tmc,
  author    = {Gianpiero Costantino and
               Rajib Ranjan Maiti and
               Fabio Martinelli and
               Paolo Santi},
  title     = {LoSeRO: {A} Locality Sensitive Routing Protocol in Opportunistic Networks
               with Contact Profiles},
  journal   = {{IEEE} Trans. Mob. Comput.},
  volume    = {19},
  number    = {10},
  pages     = {2392--2408},
  year      = {2020},
  url       = {https://doi.org/10.1109/TMC.2019.2923224},
  doi       = {10.1109/TMC.2019.2923224}
}

@inproceedings{cntawloran20icdcs,
  author    = {Po{-}Yu Chen and
               Laksh Bhatia and
               Roman Kolcun and
               David E. Boyle and
               Julie A. McCann},
  title     = {Contact-Aware Opportunistic Data Forwarding in Disconnected LoRaWAN
               Mobile Networks},
  booktitle = {40th {IEEE} International Conference on Distributed Computing Systems,
               {ICDCS} 2020, Singapore, November 29 - December 1, 2020},
  pages     = {574--583},
  publisher = {{IEEE}},
  year      = {2020},
  url       = {https://doi.org/10.1109/ICDCS47774.2020.00110},
  doi       = {10.1109/ICDCS47774.2020.00110}
}

@inproceedings{dataInten19infocom,
  author    = {Kazuya Sakai and
               Min{-}Te Sun and
               Wei{-}Shinn Ku},
  title     = {Data-Intensive Routing in Delay-Tolerant Networks},
  booktitle = {2019 {IEEE} Conference on Computer Communications, {INFOCOM} 2019,
               Paris, France, April 29 - May 2, 2019},
  pages     = {2440--2448},
  publisher = {{IEEE}},
  year      = {2019},
  url       = {https://doi.org/10.1109/INFOCOM.2019.8737620},
  doi       = {10.1109/INFOCOM.2019.8737620}
}

@article{pp16tvt,
  author    = {Lei Zhang and
               Jun Song and
               Jianping Pan},
  title     = {A Privacy-Preserving and Secure Framework for Opportunistic Routing
               in DTNs},
  journal   = {{IEEE} Trans. Veh. Technol.},
  volume    = {65},
  number    = {9},
  pages     = {7684--7697},
  year      = {2016},
  url       = {https://doi.org/10.1109/TVT.2015.2480761},
  doi       = {10.1109/TVT.2015.2480761}
}

@article{mixzone13tvt,
  author    = {Suguo Du and
               Haojin Zhu and
               Xiaolong Li and
               Kaoru Ota and
               Mianxiong Dong},
  title     = {MixZone in Motion: Achieving Dynamically Cooperative Location Privacy
               Protection in Delay-Tolerant Networks},
  journal   = {{IEEE} Trans. Veh. Technol.},
  volume    = {62},
  number    = {9},
  pages     = {4565--4575},
  year      = {2013},
  url       = {https://doi.org/10.1109/TVT.2013.2266347},
  doi       = {10.1109/TVT.2013.2266347}
}

@inproceedings{cntavd17infocom,
  author    = {Tomoya Osuki and
               Kazuya Sakai and
               Satoshi Fukumoto},
  title     = {Contact avoidance routing in delay tolerant networks},
  booktitle = {2017 {IEEE} Conference on Computer Communications, {INFOCOM} 2017,
               Atlanta, GA, USA, May 1-4, 2017},
  pages     = {1--9},
  publisher = {{IEEE}},
  year      = {2017},
  url       = {https://doi.org/10.1109/INFOCOM.2017.8057110},
  doi       = {10.1109/INFOCOM.2017.8057110}
}

@article{pploc18iotj,
  author    = {Jie Cui and
               Jingyu Wen and
               Shunshun Han and
               Hong Zhong},
  title     = {Efficient Privacy-Preserving Scheme for Real-Time Location Data in
               Vehicular Ad-Hoc Network},
  journal   = {{IEEE} Internet Things J.},
  volume    = {5},
  number    = {5},
  pages     = {3491--3498},
  year      = {2018},
  url       = {https://doi.org/10.1109/JIOT.2018.2797206},
  doi       = {10.1109/JIOT.2018.2797206}
}

@article{eprivo18tvt,
  author    = {Na{\'{e}}rcio Magaia and
               Carlos Borrego and
               Paulo Rog{\'{e}}rio Pereira and
               Miguel Correia},
  title     = {ePRIVO: An Enhanced PRIvacy-preserVing Opportunistic Routing Protocol
               for Vehicular Delay-Tolerant Networks},
  journal   = {{IEEE} Trans. Veh. Technol.},
  volume    = {67},
  number    = {11},
  pages     = {11154--11168},
  year      = {2018},
  url       = {https://doi.org/10.1109/TVT.2018.2870113},
  doi       = {10.1109/TVT.2018.2870113}
}

@article{ppoct18tvt,
  author    = {Xiaojie Wang and
               Zhaolong Ning and
               MengChu Zhou and
               Xiping Hu and
               Lei Wang and
               Bin Hu and
               Ricky Yu{-}Kwong Kwok and
               Yi Guo},
  title     = {A Privacy-Preserving Message Forwarding Framework for Opportunistic
               Cloud of Things},
  journal   = {{IEEE} Internet Things J.},
  volume    = {5},
  number    = {6},
  pages     = {5281--5295},
  year      = {2018},
  url       = {https://doi.org/10.1109/JIOT.2018.2864782},
  doi       = {10.1109/JIOT.2018.2864782}
}

@article{ppdtn19info,
  author    = {Qingfeng Jiang and
               Kun Deng and
               Lei Zhang and
               Chun Liu},
  title     = {A Privacy-Preserving Protocol for Utility-Based Routing in DTNs},
  journal   = {Inf.},
  volume    = {10},
  number    = {4},
  pages     = {128},
  year      = {2019},
  url       = {https://doi.org/10.3390/info10040128},
  doi       = {10.3390/info10040128}
}

@article{pbcn20tnsm,
  author    = {Haiping Huang and
               Dongjun Zhang and
               Fu Xiao and
               Kai Wang and
               Jiateng Gu and
               Ruchuan Wang},
  title     = {Privacy-Preserving Approach {PBCN} in Social Network With Differential
               Privacy},
  journal   = {{IEEE} Trans. Netw. Serv. Manag.},
  volume    = {17},
  number    = {2},
  pages     = {931--945},
  year      = {2020},
  url       = {https://doi.org/10.1109/TNSM.2020.2982555},
  doi       = {10.1109/TNSM.2020.2982555}
}

@article{dpweightg21adhnetw,
  author    = {Bo Ning and
               Yunhao Sun and
               Xiaoyu Tao and
               Guanyu Li},
  title     = {Differential privacy protection on weighted graph in wireless networks},
  journal   = {Ad Hoc Networks},
  volume    = {110},
  pages     = {102303},
  year      = {2021},
  url       = {https://doi.org/10.1016/j.adhoc.2020.102303},
  doi       = {10.1016/j.adhoc.2020.102303}
}

@article{ppsOppNet21cs,
  author    = {Samaneh Rashidibajgan and
               Thomas Hupperich and
               Robin Doss and
               Anna F{\"{o}}rster},
  title     = {Secure and privacy-preserving structure in opportunistic networks},
  journal   = {Comput. Secur.},
  volume    = {104},
  pages     = {102208},
  year      = {2021},
  url       = {https://doi.org/10.1016/j.cose.2021.102208},
  doi       = {10.1016/j.cose.2021.102208}
}

@article{rIntimacy21wcmc,
  author    = {Gang Xu and
               Xinyue Wang and
               Na Zhang and
               Zhifei Wang and
               Lin Yu and
               Liqiang He},
  title     = {A Routing Algorithm for the Sparse Opportunistic Networks Based on
               Node Intimacy},
  journal   = {Wirel. Commun. Mob. Comput.},
  volume    = {2021},
  pages     = {6666211:1--6666211:9},
  year      = {2021},
  url       = {https://doi.org/10.1155/2021/6666211},
  doi       = {10.1155/2021/6666211}
}

@article{loweng21ppna,
  author    = {Sheng Yin and
               Jia Wu and
               Genghua Yu},
  title     = {Low energy consumption routing algorithm based on message importance
               in opportunistic social networks},
  journal   = {Peer Peer Netw. Appl.},
  volume    = {14},
  number    = {2},
  pages     = {948--961},
  year      = {2021},
  url       = {https://doi.org/10.1007/s12083-021-01072-y},
  doi       = {10.1007/s12083-021-01072-y}
}

@inproceedings{portal20mobihoc,
  author    = {Xiaolong Zheng and
               Dan Xia and
               Xiuzhen Guo and
               Liang Liu and
               Yuan He and
               Huadong Ma},
  editor    = {Tommaso Melodia and
               Eylem Ekici and
               Alhussein Abouzeid and
               Minghua Chen},
  title     = {Portal: transparent cross-technology opportunistic forwarding for
               low-power wireless networks},
  booktitle = {Mobihoc '20: The Twenty-first {ACM} International Symposium on Theory,
               Algorithmic Foundations, and Protocol Design for Mobile Networks and
               Mobile Computing, Virtual Event, USA, October 11-14, 2020},
  pages     = {241--250},
  publisher = {{ACM}},
  year      = {2020},
  url       = {https://doi.org/10.1145/3397166.3409134},
  doi       = {10.1145/3397166.3409134}
}

@article{matrixcomp20cn,
  author    = {Genghua Yu and
               Zhi{-}gang Chen and
               Jia Wu and
               Jian Wu},
  title     = {Predicted encounter probability based on dynamic programming proposed
               probability algorithm in opportunistic social network},
  journal   = {Comput. Networks},
  volume    = {181},
  pages     = {107465},
  year      = {2020},
  url       = {https://doi.org/10.1016/j.comnet.2020.107465},
  doi       = {10.1016/j.comnet.2020.107465}
}

@inproceedings{torp20trustcom,
  author    = {Muhammad Umar Farooq and
               Xingfu Wang and
               Ammar Hawbani and
               Asad Khan and
               Adeel Ahmed and
               Fisseha Teju Wedaj},
  editor    = {Guojun Wang and
               Ryan K. L. Ko and
               Md. Zakirul Alam Bhuiyan and
               Yi Pan},
  title     = {{TORP:} Load Balanced Reliable Opportunistic Routing for Asynchronous
               Wireless Sensor Networks},
  booktitle = {19th {IEEE} International Conference on Trust, Security and Privacy
               in Computing and Communications, TrustCom 2020, Guangzhou, China,
               December 29, 2020 - January 1, 2021},
  pages     = {1384--1389},
  publisher = {{IEEE}},
  year      = {2020},
  url       = {https://doi.org/10.1109/TrustCom50675.2020.00186},
  doi       = {10.1109/TrustCom50675.2020.00186}
}

@inproceedings{sporadic20wcnc,
  author    = {Mohd Yaseen Mir and
               Chih{-}Lin Hu},
  title     = {Exploiting Mobile Contact Patterns for Message Forwarding in Mobile
               Opportunistic Networks},
  booktitle = {2020 {IEEE} Wireless Communications and Networking Conference, {WCNC}
               2020, Seoul, Korea (South), May 25-28, 2020},
  pages     = {1--7},
  publisher = {{IEEE}},
  year      = {2020},
  url       = {https://doi.org/10.1109/WCNC45663.2020.9120509},
  doi       = {10.1109/WCNC45663.2020.9120509}
}

@article{ring20cn,
  author    = {Junaid Anees and
               Hao{-}Chun Zhang and
               Bachirou Guene Lougou and
               Sobia Baig and
               Yabibal Getahun Dessie},
  title     = {Delay aware energy-efficient opportunistic node selection in restricted
               routing},
  journal   = {Comput. Networks},
  volume    = {181},
  pages     = {107536},
  year      = {2020},
  url       = {https://doi.org/10.1016/j.comnet.2020.107536},
  doi       = {10.1016/j.comnet.2020.107536}
}

@article{pldp21scn,
  author    = {Zixuan Shen and
               Zhihua Xia and
               Peipeng Yu},
  title     = {{PLDP:} Personalized Local Differential Privacy for Multidimensional
               Data Aggregation},
  journal   = {Secur. Commun. Networks},
  volume    = {2021},
  pages     = {6684179:1--6684179:13},
  year      = {2021},
  url       = {https://doi.org/10.1155/2021/6684179},
  doi       = {10.1155/2021/6684179}
}

@inproceedings{rappor14ccs,
  author    = {{\'{U}}lfar Erlingsson and
               Vasyl Pihur and
               Aleksandra Korolova},
  editor    = {Gail{-}Joon Ahn and
               Moti Yung and
               Ninghui Li},
  title     = {{RAPPOR:} Randomized Aggregatable Privacy-Preserving Ordinal Response},
  booktitle = {Proceedings of the 2014 {ACM} {SIGSAC} Conference on Computer and
               Communications Security, Scottsdale, AZ, USA, November 3-7, 2014},
  pages     = {1054--1067},
  publisher = {{ACM}},
  year      = {2014},
  url       = {https://doi.org/10.1145/2660267.2660348},
  doi       = {10.1145/2660267.2660348}
}

@inproceedings{ldp15stoc,
  author    = {Raef Bassily and
               Adam D. Smith},
  editor    = {Rocco A. Servedio and
               Ronitt Rubinfeld},
  title     = {Local, Private, Efficient Protocols for Succinct Histograms},
  booktitle = {Proceedings of the Forty-Seventh Annual {ACM} on Symposium on Theory
               of Computing, {STOC} 2015, Portland, OR, USA, June 14-17, 2015},
  pages     = {127--135},
  publisher = {{ACM}},
  year      = {2015},
  url       = {https://doi.org/10.1145/2746539.2746632},
  doi       = {10.1145/2746539.2746632}
}

@inproceedings{purdue12asonam,
  author    = {Christine Task and
               Chris Clifton},
  title     = {A Guide to Differential Privacy Theory in Social Network Analysis},
  booktitle = {International Conference on Advances in Social Networks Analysis and
               Mining, {ASONAM} 2012, Istanbul, Turkey, 26-29 August 2012},
  pages     = {411--417},
  publisher = {{IEEE} Computer Society},
  year      = {2012},
  url       = {https://doi.org/10.1109/ASONAM.2012.73},
  doi       = {10.1109/ASONAM.2012.73}
}

@inproceedings{ppdtn17secon,
  author    = {Kang Chen and
               Haiying Shen},
  title     = {Distributed Privacy-Protecting Routing in {DTN:} Concealing the Information
               Indispensable in Routing},
  booktitle = {14th Annual {IEEE} International Conference on Sensing, Communication,
               and Networking, {SECON} 2017, San Diego, CA, USA, June 12-14, 2017},
  pages     = {1--9},
  publisher = {{IEEE}},
  year      = {2017},
  url       = {https://doi.org/10.1109/SAHCN.2017.7964934},
  doi       = {10.1109/SAHCN.2017.7964934}
}

@article{face17ton,
  author    = {Kang Chen and
               Haiying Shen},
  title     = {FaceChange: Attaining Neighbor Node Anonymity in Mobile Opportunistic
               Social Networks With Fine-Grained Control},
  journal   = {{IEEE/ACM} Trans. Netw.},
  volume    = {25},
  number    = {2},
  pages     = {1176--1189},
  year      = {2017},
  url       = {https://doi.org/10.1109/TNET.2016.2623521},
  doi       = {10.1109/TNET.2016.2623521}
}

@article{lopub18tifs,
  author    = {Xuebin Ren and
               Chia{-}Mu Yu and
               Weiren Yu and
               Shusen Yang and
               Xinyu Yang and
               Julie A. McCann and
               Philip S. Yu},
  title     = {LoPub: High-Dimensional Crowdsourced Data Publication With Local Differential
               Privacy},
  journal   = {{IEEE} Trans. Inf. Forensics Secur.},
  volume    = {13},
  number    = {9},
  pages     = {2151--2166},
  year      = {2018},
  url       = {https://doi.org/10.1109/TIFS.2018.2812146},
  doi       = {10.1109/TIFS.2018.2812146}
}

@article{tem20jnca,
  author    = {Bodhi Chakraborty and
               Shekhar Verma and
               Krishna Pratap Singh},
  title     = {Temporal Differential Privacy in Wireless Sensor Networks},
  journal   = {J. Netw. Comput. Appl.},
  volume    = {155},
  pages     = {102548},
  year      = {2020},
  url       = {https://doi.org/10.1016/j.jnca.2020.102548},
  doi       = {10.1016/j.jnca.2020.102548}
}

@inproceedings{DPCon20ndss,
  author    = {Tianhao Wang and
               Milan Lopuha{\"{a}}{-}Zwakenberg and
               Zitao Li and
               Boris Skoric and
               Ninghui Li},
  title     = {Locally Differentially Private Frequency Estimation with Consistency},
  booktitle = {27th Annual Network and Distributed System Security Symposium, {NDSS}
               2020, San Diego, California, USA, February 23-26, 2020},
  publisher = {The Internet Society},
  year      = {2020},
}

@inproceedings{dpgame20ijcai,
  author    = {Ferdinando Fioretto and
               Lesia Mitridati and
               Pascal Van Hentenryck},
  editor    = {Christian Bessiere},
  title     = {Differential Privacy for Stackelberg Games},
  booktitle = {Proceedings of the Twenty-Ninth International Joint Conference on
               Artificial Intelligence, {IJCAI} 2020},
  pages     = {3480--3486},
  publisher = {ijcai.org},
  year      = {2020},
  url       = {https://doi.org/10.24963/ijcai.2020/481},
  doi       = {10.24963/ijcai.2020/481}
}

@inproceedings{ldp17Usenix,
  author    = {Tianhao Wang and
               Jeremiah Blocki and
               Ninghui Li and
               Somesh Jha},
  editor    = {Engin Kirda and
               Thomas Ristenpart},
  title     = {Locally Differentially Private Protocols for Frequency Estimation},
  booktitle = {26th {USENIX} Security Symposium, {USENIX} Security 2017, Vancouver,
               BC, Canada, August 16-18, 2017},
  pages     = {729--745},
  publisher = {{USENIX} Association},
  year      = {2017},
  url       = {https://www.usenix.org/conference/usenixsecurity17/technical-sessions/presentation/wang-tianhao}
}
